@inproceedings{whitten1999johnny,
  title={Why Johnny Can't Encrypt: A Usability Evaluation of PGP 5.0.},
  author={Whitten, Alma and Tygar, J Doug},
  booktitle={Usenix Security},
  volume={1999},
  year={1999}
}
@inproceedings{sheng2006johnny,
  title={Why johnny still can’t encrypt: evaluating the usability of email encryption software},
  author={Sheng, Steve and Broderick, Levi and Koranda, Colleen Alison and Hyland, Jeremy J},
  booktitle={Symposium On Usable Privacy and Security},
  pages={3--4},
  year={2006}
}
@inproceedings{garfinkel2003enabling,
  title={Enabling email confidentiality through the use of opportunistic encryption},
  author={Garfinkel, Simson L},
  booktitle={Proceedings of the 2003 annual national conference on Digital government research},
  pages={1--4},
  year={2003},
  organization={Digital Government Society of North America}
}
@inproceedings{adida2005lightweight,
  title={Lightweight Encryption for Email.},
  author={Adida, Ben and Hohenberger, Susan and Rivest, Ronald L},
  booktitle={SRUTI},
  year={2005}
}
@inproceedings{garfinkel2005make,
  title={How to make secure email easier to use},
  author={Garfinkel, Simson L and Margrave, David and Schiller, Jeffrey I and Nordlander, Erik and Miller, Robert C},
  booktitle={Proceedings of the SIGCHI conference on human factors in computing systems},
  pages={701--710},
  year={2005},
  organization={ACM}
}
@misc{wiki-pem,
  title={Privacy-enhanced Electronic Mail},
  howpublished={\url{https://en.wikipedia.org/wiki/Privacy-enhanced\_Electronic\_Mail}},
  note={Accessed: 2016-02-12}
}
@misc{wiki-lavabit,
  title={Lavabit},
  howpublished={\url{https://en.wikipedia.org/wiki/Lavabit}},
  note={Accessed: 2016-02-12}
}
@article{payne2008brief,
  title={A brief introduction to usable security},
  author={Payne, Bryan D and Edwards, W Keith},
  journal={Internet Computing, IEEE},
  volume={12},
  number={3},
  pages={13--21},
  year={2008},
  publisher={IEEE}
}
@inproceedings{garfinkel2005johnny,
  title={Johnny 2: a user test of key continuity management with S/MIME and Outlook Express},
  author={Garfinkel, Simson L and Miller, Robert C},
  booktitle={Proceedings of the 2005 symposium on Usable privacy and security},
  pages={13--24},
  year={2005},
  organization={ACM}
}
@incollection{blaze1998divertible,
  title={Divertible protocols and atomic proxy cryptography},
  author={Blaze, Matt and Bleumer, Gerrit and Strauss, Martin},
  booktitle={Advances in Cryptology—EUROCRYPT'98},
  pages={127--144},
  year={1998},
  publisher={Springer}
}
@misc{rfc1422,
  title={Privacy Enhancement for Internet Electronic Mail: Part II: Certificate-Based Key Management},
  howpublished={\url{https://www.ietf.org/rfc/rfc1422.txt}},
  author={S. Kent},
  note={Accessed: 2016-02-17}
}
@misc{force-use-of-self,
  author={Lightstone, Howard},
  title={How can I force use of self-signed SSL certificate},
  howpublished={\url{https://productforums.google.com/forum/#!topic/gmail/6gODk9n65ZU}},
  note={Accessed: 2016-02-17}
}
@misc{ars-postfix,
  author={Hutchinston, Lee},
  howpublished={\url{http://arstechnica.com/information-technology/2014/03/taking-e-mail-back-part-2-arming-your-server-with-postfix-dovecot/}},
  note={Accessed: 2016-02-17},
  title={Taking e-mail back, part 2: Arming your server with Postfix and Dovecot}
}
@inproceedings{downs2006decision,
  title={Decision strategies and susceptibility to phishing},
  author={Downs, Julie S and Holbrook, Mandy B and Cranor, Lorrie Faith},
  booktitle={Proceedings of the second symposium on Usable privacy and security},
  pages={79--90},
  year={2006},
  organization={ACM}
}
@article{callegati2009man,
  title={Man-in-the-Middle Attack to the HTTPS Protocol},
  author={Callegati, Franco and Cerroni, Walter and Ramilli, Marco},
  journal={IEEE Security and Privacy},
  volume={7},
  number={1},
  pages={78--81},
  year={2009},
  publisher={IEEE Educational Activities Department}
}
@article{furnell2013usable,
  title={Usable secure email communications: criteria and evaluation of existing approaches},
  author={Furnell, Steven M and Clarke, Nathan and Thiago Moecke, Cristian and Volkamer, Melanie},
  journal={Information Management \& Computer Security},
  volume={21},
  number={1},
  pages={41--52},
  year={2013},
  publisher={Emerald Group Publishing Limited}
}
@misc{ciphermail-gateway,
  title={Email encryption gateway},
  howpublished={\url{https://www.ciphermail.com/gateway.html}},
  author={ciphermail},
  note={Accessed: 2016-02-17}
}
@misc{hushmail,
  title={How Hushmail Works},
  howpublished={\url{https://www.hushmail.com/about/technology/how-it-works/}},
  author={Hushmail},
  note={Accessed: 2016-02-17}
}
@misc{eff-scorecard,
  title={Secure Messaging Scorecard},
  howpublished={\url{https://www.eff.org/secure-messaging-scorecard}},
  author={Electronic Frontier Foundation},
  note={Accessed: 2016-02-17}
}
@book{zimmermann1995official,
  title={The official PGP user's guide},
  author={Zimmermann, Philip R},
  year={1995},
  publisher={MIT press}
}
@book{garfinkel1995pgp,
  title={PGP: pretty good privacy},
  author={Garfinkel, Simson},
  year={1995},
  publisher={" O'Reilly Media, Inc."}
}
@misc{openkeychain,
  title={About},
  howpublished={\url{https://www.openkeychain.org/about/}},
  author={OpenKeychain},
  note={Accessed: 2016-05-19}
}
@article{trusov2009effects,
  title={Effects of word-of-mouth versus traditional marketing: findings from an internet social networking site},
  author={Trusov, Michael and Bucklin, Randolph E and Pauwels, Koen},
  journal={Journal of marketing},
  volume={73},
  number={5},
  pages={90--102},
  year={2009},
  publisher={American Marketing Association}
}
@misc{wired-encrypted-traffic,
  title={Encrypted Web Traffic More Than Doubles After NSA Revelations},
  author={Finley, Klint},
  howpublished={\url{http://www.wired.com/2014/05/sandvine-report/}},
  publisher={Wired},
  note={Accessed: 2016-05-20}
}
@misc{gmail-tls-report,
  title={Email encryption in transit},
  author={Google},
  howpublished={\url{https://www.google.com/transparencyreport/saferemail/}},
  publisher={Google},
  note={Accessed: 2016-05-20}
}
@inproceedings{dingledine2006anonymity,
  title={Anonymity Loves Company: Usability and the Network Effect.},
  author={Dingledine, Roger and Mathewson, Nick},
  booktitle={WEIS},
  year={2006}
}
@misc{qrcode-key-distribution,
  title={Distributing PGP Keys and Fingerprints},
  author={Denker, John},
  howpublished={\url{https://www.av8n.com/computer/htm/distributing-keys.htm}},
  note={Accessed 2016-05-21}
}
@inproceedings{qrcode-authentication,
  title={Physical access control based on QR code},
  author={Kao, Yung-Wei and Luo, Guo-Heng and Lin, Hsien-Tang and Huang, Yu-Kai and Yuan, Shyan-Ming},
  booktitle={Cyber-enabled distributed computing and knowledge discovery (CyberC), 2011 International Conference on},
  pages={285--288},
  year={2011},
  organization={IEEE}
}
@misc{enigmail-handbook,
  title={OpenPGP Email Security for Mozilla Applications; The Handbook V 1.8},
  author={Hugelschafer, Ludwig and Raffo, Daniel and Brunschwig, Patrick and Hansen, Robert J.},
  howpublished={\url{https://www.enigmail.net/documentation/Enigmail_Handbook_1.8_en.pdf}},
  note={Accessed 2016-05-23}
}
